@book{kortsarz1993choosing,
  title={On choosing a dense subgraph},
  author={Kortsarz, Guy and Peleg, David},
  year={1993},
  publisher={IEEE}
}

@article{kendall2008survey,
  title={A survey of NP-complete puzzles},
  author={Kendall, Graham and Parkes, Andrew and Spoerer, Kristian},
  journal={ICGA Journal},
  volume={31},
  number={1},
  pages={13--34},
  year={2008},
  publisher={IOS Press}
}

@article{san2019new,
  title={A new branch-and-bound algorithm for the maximum edge-weighted clique problem},
  author={San Segundo, Pablo and Coniglio, Stefano and Furini, Fabio and Ljubi{\'c}, Ivana},
  journal={European Journal of Operational Research},
  volume={278},
  number={1},
  pages={76--90},
  year={2019},
  publisher={Elsevier}
}
@incollection{hosseinian2017maximum,
  title={The maximum edge weight clique problem: formulations and solution approaches},
  author={Hosseinian, Seyedmohammadhossein and Fontes, Dalila BMM and Butenko, Sergiy and Nardelli, Marco Buongiorno and Fornari, Marco and Curtarolo, Stefano},
  booktitle={Optimization Methods and Applications},
  pages={217--237},
  year={2017},
  publisher={Springer}
}
@article{downey1995fixed,
  title={Fixed-parameter tractability and completeness II: On completeness for W [1]},
  author={Downey, Rod G and Fellows, Michael R},
  journal={Theoretical Computer Science},
  volume={141},
  number={1-2},
  pages={109--131},
  year={1995},
  publisher={Elsevier}
}


@misc{UnderLordsInput,
  author = {Alexander Ponomarenko, Dmitry Sirotkin},
  title = {github repository of supporting matterials for the {Dota Underloars paper}} ,
  howpublished = {\url{https://github.com/aponom84/UnderLords/blob/master/UnderLordsData.xlsx},},
  note = {Accessed: 2010-09-30}
}

@article{costa2018computational,
  title={Computational complexity of games and puzzles},
  author={Costa, Diogo M},
  journal={arXiv preprint arXiv:1807.04724},
  year={2018}
}

@inproceedings{fraenkel1981computing,
  title={Computing a perfect strategy for n$\times$ n chess requires time exponential in n},
  author={Fraenkel, Aviezri S and Lichtenstein, David},
  booktitle={International Colloquium on Automata, Languages, and Programming},
  pages={278--293},
  year={1981},
  organization={Springer}
}

@inproceedings{ratner1986finding,
  title={Finding a Shortest Solution for the N$\times$ N Extension of the 15-PUZZLE Is Intractable.},
  author={Ratner, Daniel and Warmuth, Manfred K},
  booktitle={AAAI},
  pages={168--172},
  year={1986}
}

@article{hearn2005pspace,
  title={PSPACE-completeness of sliding-block puzzles and other problems through the nondeterministic constraint logic model of computation},
  author={Hearn, Robert A and Demaine, Erik D},
  journal={Theoretical Computer Science},
  volume={343},
  number={1-2},
  pages={72--96},
  year={2005},
  publisher={Elsevier}
}

@article{breukelaar2004tetris,
  title={Tetris is hard, even to approximate},
  author={Breukelaar, Ron and Demaine, Erik D and Hohenberger, Susan and Hoogeboom, Hendrik Jan and Kosters, Walter A and Liben-Nowell, David},
  journal={International Journal of Computational Geometry \& Applications},
  volume={14},
  number={01n02},
  pages={41--68},
  year={2004},
  publisher={World Scientific}
}

@article{kaye2000minesweeper,
  title={Minesweeper is NP-complete},
  author={Kaye, Richard},
  journal={The Mathematical Intelligencer},
  volume={22},
  number={2},
  pages={9--15},
  year={2000},
  publisher={Springer}
}

%@online{UnderLoardsInput,
%  author = {Alexander Ponomarenko, Dmitry Sirotkin},
%  title = {github repository of supporting matterials for the Dota Underloars paper},
%  year = 2020,
%  url = {https://github.com/aponom84/UnderLords/blob/master/UnderLordsData.xlsx},
%  urldate = {2020-06-12}
%}
